@book{liu2012sentiment,
  title={Sentiment analysis and opinion mining},
  author={Liu, Bing},
  year={2012},
  publisher={Springer}
}

@article{pang2008opinion,
  title={Opinion mining and sentiment analysis},
  author={Pang, Bo and Lee, Lillian},
  journal={Foundations and Trends in Information Retrieval},
  volume={2},
  number={1-2},
  pages={1--135},
  year={2008},
  publisher={Now Publishers Inc.}
}

@article{cambria2013new,
  title={New avenues in opinion mining and sentiment analysis},
  author={Cambria, Erik and Schuller, Bj{\"o}rn and Xia, Yunqing and Havasi, Catherine},
  journal={IEEE Intelligent Systems},
  volume={28},
  number={2},
  pages={15--21},
  year={2013},
  publisher={IEEE}
}

@inproceedings{hu2004mining,
  title={Mining and summarizing customer reviews},
  author={Hu, Minqing and Liu, Bing},
  booktitle={Proceedings of the Tenth ACM SIGKDD International Conference on Knowledge Discovery and Data Mining},
  pages={168--177},
  year={2004}
}

@article{zhang2018deep,
  title={Deep learning for sentiment analysis: A survey},
  author={Zhang, Lei and Wang, Shuai and Liu, Bing},
  journal={Wiley Interdisciplinary Reviews: Data Mining and Knowledge Discovery},
  volume={8},
  number={4},
  pages={e1253},
  year={2018},
  publisher={Wiley Online Library}
}

@article{hanushek2008role,
  title={The role of education quality in economic growth},
  author={Hanushek, Eric A and Woessmann, Ludger},
  journal={World Bank Policy Research Working Paper},
  number={4122},
  year={2008},
  publisher={The World Bank}
}

@article{bennett2011formative,
  title={Formative assessment: A critical review},
  author={Bennett, Randy E},
  journal={Assessment in Education: Principles, Policy \& Practice},
  volume={18},
  number={1},
  pages={5--25},
  year={2011},
  publisher={Taylor \& Francis}
}

@book{luckin2016intelligence,
  title={Intelligence Unleashed: An argument for AI in Education},
  author={Luckin, Rose and Holmes, Wayne and Griffiths, Mark and Forcier, Laurie B},
  year={2016},
  publisher={Pearson Education}
}

@article{baker2014educational,
  title={Educational data mining and learning analytics},
  author={Baker, Ryan SJ and Inventado, Paul Salvador},
  journal={Learning analytics},
  pages={61--75},
  year={2014},
  publisher={Springer}
}

@article{romero2010educational,
  title={Educational data mining: A review of the state of the art},
  author={Romero, Crist{\'o}bal and Ventura, Sebasti{\'a}n},
  journal={IEEE Transactions on Systems, Man, and Cybernetics, Part C (Applications and Reviews)},
  volume={40},
  number={6},
  pages={601--618},
  year={2010},
  publisher={IEEE}
}

@article{siemens2011penetrating,
  title={Penetrating the fog: Analytics in learning and education},
  author={Siemens, George and Long, Phil},
  journal={EDUCAUSE review},
  volume={46},
  number={5},
  pages={30},
  year={2011}
}

@article{agudo2014assessing,
  title={Assessing the effectiveness of educational data mining techniques for improving student performance},
  author={Agudo-Peregrina, {\'A}ngel F and Iglesias-Pradas, Santiago and Conde-Gonz{\'a}lez, Miguel {\'A} and Hern{\'a}ndez-Garc{\'i}a, {\'A}ngel},
  journal={Computers in Human Behavior},
  volume={31},
  pages={499--507},
  year={2014},
  publisher={Elsevier}
}

@article{demirguc2018global,
  title={The Global Findex Database 2017: Measuring financial inclusion and the fintech revolution},
  author={Demirg{\"u}{\c{c}}-Kunt, Asli and Klapper, Leora and Singer, Dorothe and Ansar, Saniya and Hess, Jake},
  journal={World Bank Policy Research Working Paper},
  number={8420},
  year={2018},
  publisher={The World Bank}
}

@article{suri2016long,
  title={The long-run poverty and gender impacts of mobile money},
  author={Suri, Tavneet and Jack, William},
  journal={Science},
  volume={354},
  number={6317},
  pages={1288--1292},
  year={2016},
  publisher={American Association for the Advancement of Science}
}

@article{mbiti2016mobile,
  title={Mobile banking: The impact of M-Pesa in Kenya},
  author={Mbiti, Isaac and Weil, David N},
  journal={African Successes, Volume III: Modernization and Development},
  pages={247--293},
  year={2016},
  publisher={University of Chicago Press}
}

@article{allen2016african,
  title={The African financial development and financial inclusion gaps},
  author={Allen, Franklin and Carletti, Elena and Cull, Robert and Qian, Jun and Senbet, Lemma and Valenzuela, Patricio},
  journal={Journal of African Economies},
  volume={25},
  number={2},
  pages={273--301},
  year={2016},
  publisher={Oxford University Press}
}

@article{beck2007access,
  title={Access to financial services: Measurement, impact, and policies},
  author={Beck, Thorsten and Demirg{\"u}{\c{c}}-Kunt, Asli and Honohan, Patrick},
  journal={The World Bank Research Observer},
  volume={22},
  number={1},
  pages={1--30},
  year={2007},
  publisher={Oxford University Press}
}

@article{sarma2011financial,
  title={Financial inclusion and development},
  author={Sarma, Mandira and Pais, Jesim},
  journal={Journal of International Development},
  volume={23},
  number={5},
  pages={613--628},
  year={2011},
  publisher={Wiley Online Library}
}

@book{worldbank2014global,
  title={Global financial development report 2014: Financial inclusion},
  author={World Bank},
  year={2014},
  publisher={World Bank Publications}
}